FUNCTION {electronic}
 { std.status.using.period
  start.entry
  if.url.alt.interword.spacing
  format.authors output
  name.or.dash
  format.date.electronic output
  format.article.title.electronic output
  format.howpublished "howpublished" bibinfo.check output
  format.organization "organization" bibinfo.check output
  format.address "address" bibinfo.check output
  format.note output
  format.url output
  fin.entry
  empty.entry.warn
  if.url.std.interword.spacing
}

@article{Haq1995,
	author	= {Haq, Mahbub ul},
	title 	= {{Reflections on Human Development}},
    year	= {1995},
    pages	= {1},
    organization	= {Oxford University Press, New York}
}

@article{Licia2009,
	author	= {Licia, Cerqueira Angelo and Livia, Cerqueira Angelo and Francisco, de S. Ramos and Herminio, Ramos de S.},
	title 	= {{Fatores Explicativos do Índice de Desenvolvimento Humano (IDH) Para Os Municípios de Alagoas}},
    year	= {2009},
    pages	= {31-47},
    organization	= {SEE UFAL, Maceió-AL},
    publisher	= {Revista de Economia Politica e Desenvolvimento - Economia política do desenvolvimento V.1, N6}
}

@article{loureiroimpacto,
  title={O Impacto dos Gastos Públicos sobre a Criminalidade no Brasil},
  author={Loureiro, André Oliveira Ferreira and Júnior, José Raimundo de Araújo Carvalho},
  organization	= {Associação Nacional dos Centros de Pós-Graduação em Economia - ANPEC},
  year	=	{2007},
  publisher	= {XXXV Encontro Nacional de Economia, Recife-PE}
}

@article{Liana2015,
	author	= {Liana, Bohn and Gabriel, Teixeira Ervilha and Cassiano, Ricardo Dalberto},
	title 	= {{IDHM e Eficiência: O Desenvolvimento Municipal Sob um Novo Prisma}},
    year	= {2015},
    organization	= {Associação Nacional dos Centros de Pós-Graduação em Economia - ANPEC},
    publisher	= {43° Encontro Nacional de Economia}
}

@article{Luciana2007,
	author	= {Lucia, Lucena A. Silva},
	title 	= {{Análise Estatística do Índice de Desenvolvimento}},
    year	= {2007},
    organization	= {Pontifícia Universidade Católica de São Paulo},
    publisher	= {FEA - Faculdade de Economia e Administração}
}

@article{ Ferreira2015,
Author = {Ferreira, Humberto Medrado and Pereira, Raquel da Silva and Iglesias
   Pascual, Jose Valentin},
Title = {{Paradoxes of the Social Dimension of Sustainability: A Longitudinal
   Study of Human Development Indicators in Brazil}},
Journal = {{Risus - Journal on Innovation and Sustainability}},
Year = {{2015}},
Volume = {{6}},
Number = {{3}},
Pages = {{29-49}},
Month = {{Sep-Dec}},
Abstract = {{The article examines issues involving the social dimension of
   sustainability. The survey compares the territorial development
   indicators in Brazil, as the level of economic development, through the
   Gross Domestic Product and the Human Development Index. The objective is
   to verify the actual level of socioeconomic development of regions. The
   methodology consists of a descriptive quantitative, with secondary data
   collection. Data analysis indicates that social indicators should be
   well researched and analyzed in order to complete on improving the
   quality of life and that the specific IDH's not explain consistently the
   overall HDI of the States, being the object of analysis further the
   variable component of these elements and their regional crossings.}},
Publisher = {{PONTIFICIA UNIV CATOLICA SAO PAULO-PUC-SP}},
Address = {{RUA LUIS FELIPE ATALHA 9, ALTO MOOCA, SAO PAULO, SP 03180-070, BRAZIL}},
Type = {{Article}},
Language = {{Portuguese}},
Affiliation = {{Ferreira, HM (Reprint Author), Univ Municipal Sao Caetano Sul, Sao Caetano do Sul, SP, Brazil.
   Ferreira, Humberto Medrado; Pereira, Raquel da Silva; Iglesias Pascual, Jose Valentin, Univ Municipal Sao Caetano Sul, Sao Caetano do Sul, SP, Brazil.}},
ISSN = {{2179-3565}},
Keywords = {{HDI; Sustainable Development; Quality of Life}},
Research-Areas = {{Business \& Economics}},
Web-of-Science-Categories  = {{Management}},
Author-Email = {{hmedrado@gmail.com
   raquelspereira@uscs.edu.br
   jvalentin.ip@gmail.com}},
Number-of-Cited-References = {{21}},
Times-Cited = {{0}},
Journal-ISO = {{RISUS}},
Doc-Delivery-Number = {{DN6XM}},
Unique-ID = {{ISI:000377219800003}},
}

@article{ Cruz2016,
Author = {Cruz, Jose Miguel},
Title = {{State and criminal violence in Latin America}},
Journal = {{Crime Law and Social Change}},
Year = {{2016}},
Volume = {{66}},
Number = {{4}},
Pages = {{375-396}},
Month = {{NOV}},
Abstract = {{Most explanations of the high levels of violence in Latin America and
   the Caribbean have focused on economic factors, cultural variables, and
   drug wars. In this article, I argue that it is necessary to bring the
   state back into the analysis of criminal violence by examining the many
   ways in which the state directly contributes to violence. State agents
   contribute to the escalation of criminal violence in the region by
   extending the legal limits of the use of legitimate force, by tolerating
   and supporting the employment of extralegal approaches to deal with
   crime and disorder, and by partnering with criminal groups and militias.
   They do this while seeking legitimacy and constructing political
   authority. The modern-day participation of state institutions in the
   reproduction of violence stems from the particular mode of state
   development in Latin America, which has tended to outsource and
   negotiate the means of legitimate force with different social actors.
   Processes of democratization of the last three decades unintendedly
   opened the space for more violent contestation by emergent state-related
   actors.}},
Publisher = {{SPRINGER}},
Address = {{VAN GODEWIJCKSTRAAT 30, 3311 GZ DORDRECHT, NETHERLANDS}},
Type = {{Article}},
Language = {{English}},
Affiliation = {{Cruz, JM (Reprint Author), Florida Int Univ, Kimberly Green Latin Amer \& Caribbean Ctr, 11200 SW 8th St,DM 352, Miami, FL 33199 USA.
   Cruz, Jose Miguel, Florida Int Univ, Kimberly Green Latin Amer \& Caribbean Ctr, 11200 SW 8th St,DM 352, Miami, FL 33199 USA.}},
DOI = {{10.1007/s10611-016-9631-9}},
ISSN = {{0925-4994}},
EISSN = {{1573-0751}},
Keywords-Plus = {{CRIME; LAW; COLOMBIA; RULE; DEMOCRACY; SECURITY; BRAZIL; GANG}},
Research-Areas = {{Criminology \& Penology; Social Sciences - Other Topics}},
Web-of-Science-Categories  = {{Criminology \& Penology; Social Sciences, Interdisciplinary}},
Author-Email = {{jomcruz@fiu.edu}},
Number-of-Cited-References = {{111}},
Times-Cited = {{0}},
Journal-ISO = {{Crime Law Soc. Change}},
Doc-Delivery-Number = {{DY5WD}},
Unique-ID = {{ISI:000385174200003}},
}

@misc{Ipea2017,
    title = {{Instituto de Pesquisa Econômica Aplicada - IPEA}},
    year	= {2017},
    author = {{IPEA}},
    publisher = {IpeaGEO},
    url = {http://www.ipea.gov.br/ipeageo/bases.html}
}

@misc{IBGE2017,
    title = {{Instituto Brasileiro de Geografia e Estatística}},
    year	= {2017},
    author = {{IBGE}},
    publisher = {censo2010 IBGE},
    url = {http://censo2010.ibge.gov.br/resultados.html}
}

@misc{Atlas2017,
    title = {{Atlas do Desenvolvimento Humano no Brasil}},
    year	= {2017},
    author = {{Atlas}},
    publisher = {Atlas-PNUD},
    url = {http://www.atlasbrasil.org.br/2013/pt/download/}
}

@misc{PNUD2017,
    title = {{Programa das Nações Unidas para o Desenvolvimento - PNUD}},
    year	= {2017},
    author = {{ONU - Organização das Nações Unidas}},
    publisher = {PNUD},
    url = {http://www.br.undp.org/content/brazil/pt/home.html}
}

@misc{FBSP2017,
    title = {{Fórum Brasileiro de Segurança Pública - FBSP}},
    year	= {2017},
    author = {{FBSP}},
    publisher = {FBSP},
    url = {http://www.forumseguranca.org.br/estatisticas/tableau-ocorrencias/}
}

@eletronic{RepoIgor2017,
    title = {{Repositório de dados utilizados neste artigo}},
    year	= {2017},
    author = {{Oliveira, I. M. A}},
    publisher = {Igor Marcos},
    url = {https://github.com/igormarcos/Artigos},
    urldate={2017-04-21}
}